@article{Amatriain:2009p101,
author = {X Amatriain and N Lathia and JM Pujol and H Kwak and N Oliver}, 
journal = {Proceedings of the 32nd international ACM SIGIR conference on Research and development in information retrieval},
title = {The wisdom of the few: a collaborative filtering approach based on expert opinions from the web},
pages = {532--539},
year = {2009},
date-added = {2010-10-03 21:51:53 -0700},
date-modified = {2010-10-03 21:53:29 -0700},
pmid = {14958700347116543264related:IN1kC7b6l88J},
local-url = {file://localhost/Users/Steve/Documents/Papers/2009/Amatriain/Proceedings%20of%20the%2032nd%20international%20ACM%20SIGIR%20conference%20on%20Research%20and%20development%20in%20information%20retrieval%202009%20Amatriain.pdf},
uri = {papers://B42610FD-482B-42C6-9B7D-B9414BBFEB9F/Paper/p101},
read = {Yes},
rating = {0}
}
